% scibib.bib

% This is the .bib file used to compile the document "A simple Science
% template" (scifile.tex).  It is not intended as an example of how to
% set up your BibTeX file.




@misc{tth, note = "The package is TTH, available at
http://hutchinson.belmont.ma.us/tth/ ."}

@misc{use2e, note = "As the mark-up of the \TeX\ source for this
document makes clear, your file should be coded in \LaTeX
2${\varepsilon}$, not \LaTeX\ 2.09 or an earlier release.  Also,
please use the \texttt{article} document class."}

@misc{inclme, note="Among whom are the author of this document.  The
``real'' references and notes contained herein were compiled using
B{\small{IB}}\TeX\ from the sample .bib file \texttt{scibib.bib}, the style
package \texttt{scicite.sty}, and the bibliography style file
\texttt{Science.bst}."}


@misc{nattex, note="One of the equation editors we use, Equation Magic
(MicroPress Inc., Forest Hills, NY; http://www.micropress-inc.com/),
interprets native \TeX\ source code and generates an equation as an
OLE picture object that can then be cut and pasted directly into Word.
This editor, however, does not handle \LaTeX\ environments (such as
\texttt{\{array\}} or \texttt{\{eqnarray\}}); it can interpret only
\TeX\ codes.  Thus, when there's a choice, we ask that you avoid these
\LaTeX\ calls in displayed math --- for example, that you use the
\TeX\ \verb+\matrix+ command for ordinary matrices, rather than the
\LaTeX\ \texttt{\{array\}} environment."}

@ARTICLE{Yehia2002,
  author = {Yehia ,H. C. and Kuratate , T and Vatikiotis-Bateson, E.},
  title = {{Linking Facial Animation, Head Motion, and Speech Acoustics}},
  journal = {Journal of Phonetics},
  year = {2002},
  volume = {30},
  pages = {555 -- 568},
  owner = {David},
  timestamp = {2010.12.22}
}
@ARTICLE{Casey2002,
  author = {Casey, A. J. and Smith, T. and Brown, R.},
  title = {{Automation and Speech Acoustics}},
  journal = {Journal of Talking},
  year = {2002},
  volume = {31},
  pages = {555 -- 568},
  owner = {David},
  timestamp = {2010.12.22}
}
@ARTICLE{Casey2022,
  author = {Casey, A. J. and Smith,T.},
  title = {{Automation and Speech Acoustics}},
  journal = {Journal of Talking},
  year = {2022},
  volume = {31},
  pages = {555 -- 568},
  owner = {David},
  timestamp = {2010.12.22}
}
@ARTICLE{Casey2000,
  author = {Casey, A. J.},
  title = {{Automation}},
  journal = {Journal of Automation},
  year = {2000},
  volume = {31},
  pages = {555 -- 568},
  owner = {David},
  timestamp = {2010.12.22}
}
@ARTICLE{Casey2001a,
  author = {Casey, A. J.},
  title = {{Automation}},
  journal = {Journal of Automation},
  year = {2001a},
  volume = {31},
  pages = {555 -- 568},
  owner = {David},
  timestamp = {2010.12.22}
}
@ARTICLE{Casey2001b,
  author = {Casey, A. J.},
  title = {{Automation2}},
  journal = {Journal of Automation},
  year = {2001b},
  volume = {31},
  pages = {555 -- 568},
  owner = {David},
  timestamp = {2010.12.22}
}
@ARTICLE{Casey2017,
  author = {Casey, A. J. and Smith,T. and Brown, R. and James, K. and White, A. and David, Q. and Herals, G. and Washe, J. and Small, K. and Big, M.},
  title = {{Automation}},
  journal = {Journal of Automation},
  year = {2017},
  volume = {31},
  pages = {555 -- 568},
  owner = {David},
  timestamp = {2010.12.22}
}

@ARTICLE{Slocum:1985:SMT:5615.5616,
 author = {Slocum, Jonathan},
 title = {A Survey of Machine Translation: Its History, Current Status, and Future Prospects},
 journal = {Comput. Linguist.},
 issue_date = {January-March 1985},
 volume = {11},
 number = {1},
 month = jan,
 year = {1985},
 issn = {0891-2017},
 pages = {1--17},
 numpages = {17},
 url = {http://dl.acm.org/citation.cfm?id=5615.5616},
 acmid = {5616},
 publisher = {MIT Press},
 address = {Cambridge, MA, USA},
} 


@INPROCEEDINGS{Papineni02bleu:a,
    author = {Papineni, Kishore and Roukos, Salim and Ward, Todd and Zhu, Wei-Jing},
    title = {BLEU: A Method for Automatic Evaluation of Machine Translation},
    booktitle = {Proceedings of the 40th Annual Meeting on Association for Computational Linguistics},
    series = {ACL '02},
    year = {2002},
    location = {Philadelphia, Pennsylvania},
    pages = {311--318},
    numpages = {8},
    url = {https://doi.org/10.3115/1073083.1073135},
    doi = {10.3115/1073083.1073135},
    acmid = {1073135},
    publisher = {Association for Computational Linguistics},
    address = {Stroudsburg, PA, USA}
}

@incollection{NIPS2014_5346,
title = {Sequence to Sequence Learning with Neural Networks},
author = {Sutskever, Ilya and Vinyals, Oriol and Le, Quoc V},
booktitle = {Advances in Neural Information Processing Systems 27},
editor = {Z. Ghahramani and M. Welling and C. Cortes and N. D. Lawrence and K. Q. Weinberger},
pages = {3104--3112},
year = {2014},
publisher = {Curran Associates, Inc.},
url = {http://papers.nips.cc/paper/5346-sequence-to-sequence-learning-with-neural-networks.pdf}
}

@article{DBLP:journals/corr/ZophYMK16,
  author    = {Barret Zoph and
               Deniz Yuret and
               Jonathan May and
               Kevin Knight},
  title     = {Transfer Learning for Low-Resource Neural Machine Translation},
  journal   = {CoRR},
  volume    = {abs/1604.02201},
  year      = {2016},
  url       = {http://arxiv.org/abs/1604.02201},
  archivePrefix = {arXiv},
  eprint    = {1604.02201},
  timestamp = {Wed, 07 Jun 2017 14:40:32 +0200},
  biburl    = {http://dblp.org/rec/bib/journals/corr/ZophYMK16},
  bibsource = {dblp computer science bibliography, http://dblp.org}
}

@article{DBLP:journals/corr/FadaeeBM17,
  author    = {Marzieh Fadaee and
               Arianna Bisazza and
               Christof Monz},
  title     = {Data Augmentation for Low-Resource Neural Machine Translation},
  journal   = {CoRR},
  volume    = {abs/1705.00440},
  year      = {2017},
  url       = {http://arxiv.org/abs/1705.00440},
  archivePrefix = {arXiv},
  eprint    = {1705.00440},
  timestamp = {Wed, 07 Jun 2017 14:41:33 +0200},
  biburl    = {http://dblp.org/rec/bib/journals/corr/FadaeeBM17},
  bibsource = {dblp computer science bibliography, http://dblp.org}
}

@article{DBLP:journals/corr/SennrichHB15,
  author    = {Rico Sennrich and
               Barry Haddow and
               Alexandra Birch},
  title     = {Neural Machine Translation of Rare Words with Subword Units},
  journal   = {CoRR},
  volume    = {abs/1508.07909},
  year      = {2015},
  url       = {http://arxiv.org/abs/1508.07909},
  archivePrefix = {arXiv},
  eprint    = {1508.07909},
  timestamp = {Wed, 07 Jun 2017 14:40:14 +0200},
  biburl    = {http://dblp.org/rec/bib/journals/corr/SennrichHB15},
  bibsource = {dblp computer science bibliography, http://dblp.org}
}
@article{DBLP:journals/corr/ZarembaSV14,
  author    = {Wojciech Zaremba and
               Ilya Sutskever and
               Oriol Vinyals},
  title     = {Recurrent Neural Network Regularization},
  journal   = {CoRR},
  volume    = {abs/1409.2329},
  year      = {2014},
  url       = {http://arxiv.org/abs/1409.2329},
  archivePrefix = {arXiv},
  eprint    = {1409.2329},
  timestamp = {Wed, 07 Jun 2017 14:41:43 +0200},
  biburl    = {http://dblp.org/rec/bib/journals/corr/ZarembaSV14},
  bibsource = {dblp computer science bibliography, http://dblp.org}
}
@article{DBLP:journals/corr/BahdanauCB14,
  author    = {Dzmitry Bahdanau and
               Kyunghyun Cho and
               Yoshua Bengio},
  title     = {Neural Machine Translation by Jointly Learning to Align and Translate},
  journal   = {CoRR},
  volume    = {abs/1409.0473},
  year      = {2014},
  url       = {http://arxiv.org/abs/1409.0473},
  archivePrefix = {arXiv},
  eprint    = {1409.0473},
  timestamp = {Wed, 07 Jun 2017 14:40:19 +0200},
  biburl    = {http://dblp.org/rec/bib/journals/corr/BahdanauCB14},
  bibsource = {dblp computer science bibliography, http://dblp.org}
}


@article{DBLP:journals/corr/LuongPM15,
  author    = {Minh{-}Thang Luong and
               Hieu Pham and
               Christopher D. Manning},
  title     = {Effective Approaches to Attention-based Neural Machine Translation},
  journal   = {CoRR},
  volume    = {abs/1508.04025},
  year      = {2015},
  url       = {http://arxiv.org/abs/1508.04025},
  archivePrefix = {arXiv},
  eprint    = {1508.04025},
  timestamp = {Wed, 07 Jun 2017 14:41:36 +0200},
  biburl    = {http://dblp.org/rec/bib/journals/corr/LuongPM15},
  bibsource = {dblp computer science bibliography, http://dblp.org}
}

@inproceedings{kalchbrenner13emnlp,
  author = 	"Kalchbrenner, Nal
		and Blunsom, Phil",
  title = 	"Recurrent Continuous Translation Models",
  booktitle = 	"Proceedings of the 2013 Conference on Empirical Methods in Natural Language Processing",
  month = "October",
  year = 	"2013",
  publisher = 	"Association for Computational Linguistics",
  pages = 	"1700--1709",
  location = 	"Seattle, Washington, USA",
  url = 	"http://www.aclweb.org/anthology/D13-1176"
}
@article{Petrovic2017,
author = {Petrovi{\'c}, Margita},
journal = {BEOIBER{\'{I}}STICA - Revista de Estudios Ib{\'{e}}ricos, Latinoamericanos y Comparativos},
pages = {43--62},
title = {{EL ESTATUS DEL NAHUATL COMO LENGUA MINORITARIA}},
url = {https://doi.org/10.18485/beoiber.2017.1.1.3},
year = {2017}
}

@misc{DePury2004,
author = {de Pury, Sybille and Thouvenot, Marc},
title = {{Gran Diccionario N{\'{a}}huatl}},
url = {www.gdn.unam.mx},
year = {2004}
}


@misc{INEGI2015,
author = {INEGI},
title = {{Hablantes de lengua indígena en México}},
url = {http://cuentame.inegi.org.mx/poblacion/lindigena.aspx},
year = {2015}
}

@misc{Congreso2015,
author = {del H. Congreso de la Uni{\'o}n, C{\'a}mara de Diputados},
title = {{Ley General de derechos lin\"u\'isticos de los pueblos \'indigenas}},
url = {http://www.diputados.gob.mx/LeyesBiblio/pdf/257{\_}171215.pdf},
year = {2015}
}

@article{Schwenk:2007:CSL:1230156.1230409,
 author = {Schwenk, Holger},
 title = {Continuous Space Language Models},
 journal = {Comput. Speech Lang.},
 issue_date = {July, 2007},
 volume = {21},
 number = {3},
 month = jul,
 year = {2007},
 issn = {0885-2308},
 pages = {492--518},
 numpages = {27},
 url = {http://dx.doi.org/10.1016/j.csl.2006.09.003},
 doi = {10.1016/j.csl.2006.09.003},
 acmid = {1230409},
 publisher = {Academic Press Ltd.},
 address = {London, UK, UK},
} 
@article{DBLP:journals/corr/abs-1709-07809,
  author    = {Philipp Koehn},
  title     = {Neural Machine Translation},
  journal   = {CoRR},
  volume    = {abs/1709.07809},
  year      = {2017},
  url       = {http://arxiv.org/abs/1709.07809},
  archivePrefix = {arXiv},
  eprint    = {1709.07809},
  timestamp = {Thu, 05 Oct 2017 09:43:03 +0200},
  biburl    = {http://dblp.org/rec/bib/journals/corr/abs-1709-07809},
  bibsource = {dblp computer science bibliography, http://dblp.org}
}
@MISC{Nazareth2017,
   author =       {Balb{\'a}s, Nazareth},
   title =        {El 'crimen' de no hablar espa{\~n}ol tiene a m{\'a}s de 8.000 ind{\'i}genas mexicanos en la c{\'a}rcel },
   editor =       {rt.com},
   month =        {November},
   year =         {2017},
   url = {https://actualidad.rt.com/actualidad/255277-crimen-hablar-espanol-8000-indigenas-prision},
   note =         {[Online; posted 15-November-2017]},
 }
@misc{Senado2015,
author = {INEGI},
title = {{Etnicidad}},
url = {http://www.senado.gob.mx/comisiones/asuntos{\_}indigenas/eventos/docs/etnicidad{\_}240216.pdf},
year = {2015}
}

@INPROCEEDINGS{150456,
author={A. Waibel and A. N. Jain and A. E. McNair and H. Saito and A. G. Hauptmann and J. Tebelskis},
booktitle={[Proceedings] ICASSP 91: 1991 International Conference on Acoustics, Speech, and Signal Processing},
title={JANUS: a speech-to-speech translation system using connectionist and symbolic processing strategies},
year={1991},
volume={},
number={},
pages={793-796 vol.2},
doi={10.1109/ICASSP.1991.150456},
ISSN={1520-6149},
month={Apr}}

@article{Brown:1990:SAM:92858.92860,
 author = {Brown, Peter F. and Cocke, John and Pietra, Stephen A. Della and Pietra, Vincent J. Della and Jelinek, Fredrick and Lafferty, John D. and Mercer, Robert L. and Roossin, Paul S.},
 title = {A Statistical Approach to Machine Translation},
 journal = {Comput. Linguist.},
 issue_date = {June 1990},
 volume = {16},
 number = {2},
 month = jun,
 year = {1990},
 issn = {0891-2017},
 pages = {79--85},
 numpages = {7},
 url = {http://dl.acm.org/citation.cfm?id=92858.92860},
 acmid = {92860},
 publisher = {MIT Press},
 address = {Cambridge, MA, USA},
} 


@book{Pierce:1966:LMC:1102009,
 author = {Pierce, John R. and Carroll, John B.},
 title = {Language and Machines: Computers in Translation and Linguistics},
 year = {1966},
 publisher = {National Academy of Sciences/National Research Council},
 address = {Washington, DC, USA},
} 

@inproceedings{zhang:755:2004:lrec2004,
    author = {Ying Zhang and Stephan Vogel and Alex Waibel},
    title = {Interpreting BLEU/NIST Scores: How Much Improvement do We Need to Have a Better System?},
    month = {May},
    year = {2004},
    address = {Lisbon, Portugal},
    publisher = {European Language Resources Association (ELRA)},
    booktitle = {Proceedings of the Fourth International Conference on Language Resources and Evaluation (LREC-2004)},
    url = {http://www.lrec-conf.org/proceedings/lrec2004/pdf/755.pdf},
    note = {ACL Anthology Identifier: L04-1489},
    }
@InProceedings{irvine:2013:SRW,
  author    = {Irvine, Ann},
  title     = {Statistical Machine Translation in Low Resource Settings},
  booktitle = {Proceedings of the 2013 NAACL HLT Student Research Workshop},
  month     = {June},
  year      = {2013},
  address   = {Atlanta, Georgia},
  publisher = {Association for Computational Linguistics},
  pages     = {54--61},
  url       = {http://www.aclweb.org/anthology/N13-2008}
}

@inproceedings{Kolachina:2012:PLC:2390524.2390528,
 author = {Kolachina, Prasanth and Cancedda, Nicola and Dymetman, Marc and Venkatapathy, Sriram},
 title = {Prediction of Learning Curves in Machine Translation},
 booktitle = {Proceedings of the 50th Annual Meeting of the Association for Computational Linguistics: Long Papers - Volume 1},
 series = {ACL '12},
 year = {2012},
 location = {Jeju Island, Korea},
 pages = {22--30},
 numpages = {9},
 url = {http://dl.acm.org/citation.cfm?id=2390524.2390528},
 acmid = {2390528},
 publisher = {Association for Computational Linguistics},
 address = {Stroudsburg, PA, USA},
} 

@inproceedings{Koehn:2003:SPT:1073445.1073462,
 author = {Koehn, Philipp and Och, Franz Josef and Marcu, Daniel},
 title = {Statistical Phrase-based Translation},
 booktitle = {Proceedings of the 2003 Conference of the North American Chapter of the Association for Computational Linguistics on Human Language Technology - Volume 1},
 series = {NAACL '03},
 year = {2003},
 location = {Edmonton, Canada},
 pages = {48--54},
 numpages = {7},
 url = {https://doi.org/10.3115/1073445.1073462},
 doi = {10.3115/1073445.1073462},
 acmid = {1073462},
 publisher = {Association for Computational Linguistics},
 address = {Stroudsburg, PA, USA},
}
@inproceedings{Sutskever:2014:SSL:2969033.2969173,
 author = {Sutskever, Ilya and Vinyals, Oriol and Le, Quoc V.},
 title = {Sequence to Sequence Learning with Neural Networks},
 booktitle = {Proceedings of the 27th International Conference on Neural Information Processing Systems - Volume 2},
 series = {NIPS'14},
 year = {2014},
 location = {Montreal, Canada},
 pages = {3104--3112},
 numpages = {9},
 url = {http://dl.acm.org/citation.cfm?id=2969033.2969173},
 acmid = {2969173},
 publisher = {MIT Press},
 address = {Cambridge, MA, USA},
}
@article{Cabezas2006,
 author = {S{\'a}nchez Cabezas, Gilberto and G{\'o}mez Y{\'a}{\~{n}}ez , Mario and Polo Quinteros, Christian and Urra Arriagada, Pamela},
 title = {Semanario de etnoling{\"u}{\'i}stica Un estudio de tres lenguas amerindias: Nahuatl, Quechua y Aimara},
 journal = {Informe final de Seminario de Grado para optar al grado de Licenciado en Lengua y 
Literatura Hisp{\'a}nica, con menci{\'o}n en Ling{\"u}{\'i}stica },
 issue_date = {2006},
 year = {2006},
 pages = {9},
 numpages = {160},
 url = {http://www.tesis.uchile.cl/tesis/uchile/2006/gomez{\_}m2/sources/gomez{\_}m2.pdf},
 publisher = {Universidad de Chile},
 address = {Santiago de Chile},
} 
@article{DBLP:journals/corr/JeanCMB14,
  author    = {S{\'{e}}bastien Jean and
               Kyunghyun Cho and
               Roland Memisevic and
               Yoshua Bengio},
  title     = {On Using Very Large Target Vocabulary for Neural Machine Translation},
  journal   = {CoRR},
  volume    = {abs/1412.2007},
  year      = {2015},
  url       = {http://arxiv.org/abs/1412.2007},
  archivePrefix = {arXiv},
  eprint    = {1412.2007},
  timestamp = {Wed, 07 Jun 2017 14:40:20 +0200},
  biburl    = {http://dblp.org/rec/bib/journals/corr/JeanCMB14},
  bibsource = {dblp computer science bibliography, http://dblp.org}
}
@book{shopen_2007, place={Cambridge}, edition={2}, title={Language Typology and Syntactic Description}, volume={1}, DOI={10.1017/CBO9780511619427}, publisher={Cambridge University Press}, year={2007}}

@article{DBLP:journals/corr/abs-1710-01329,
  author    = {Toan Q. Nguyen and
               David Chiang},
  title     = {Improving Lexical Choice in Neural Machine Translation},
  journal   = {CoRR},
  volume    = {abs/1710.01329},
  year      = {2017},
  url       = {http://arxiv.org/abs/1710.01329},
  archivePrefix = {arXiv},
  eprint    = {1710.01329},
  timestamp = {Mon, 26 Feb 2018 13:34:29 +0100},
  biburl    = {https://dblp.org/rec/bib/journals/corr/abs-1710-01329},
  bibsource = {dblp computer science bibliography, https://dblp.org}
}
@inproceedings{gutierrez2016axolotl,
  title={Axolotl: a Web Accessible Parallel Corpus for Spanish-Nahuatl.},
  author={Gutierrez-Vasques, Ximena and Sierra, Gerardo and Pompa, Isaac Hernandez},
  booktitle={LREC},
  year={2016}
}

@MISC{Schwenk_smoothbilingual,
    author = {Holger Schwenk and Marta R. Costa-jussà and José A. R. Fonollosa},
    title = {Smooth Bilingual N-gram Translation},
    year = {2007}
}
@inproceedings{popovic2015chrf,
  title={chrF: character n-gram F-score for automatic MT evaluation},
  author={Popovi{\'c}, Maja},
  booktitle={Proceedings of the Tenth Workshop on Statistical Machine Translation},
  pages={392--395},
  year={2015}
}

@article{DBLP:journals/corr/ArthurNN16,
  author    = {Philip Arthur and
               Graham Neubig and
               Satoshi Nakamura},
  title     = {Incorporating Discrete Translation Lexicons into Neural Machine Translation},
  journal   = {CoRR},
  volume    = {abs/1606.02006},
  year      = {2016},
  url       = {http://arxiv.org/abs/1606.02006},
  archivePrefix = {arXiv},
  eprint    = {1606.02006},
  timestamp = {Fri, 25 Aug 2017 13:07:21 +0200},
  biburl    = {https://dblp.org/rec/bib/journals/corr/ArthurNN16},
  bibsource = {dblp computer science bibliography, https://dblp.org}
}
@article{DBLP:journals/corr/MiWI16,
  author    = {Haitao Mi and
               Zhiguo Wang and
               Abe Ittycheriah},
  title     = {Vocabulary Manipulation for Neural Machine Translation},
  journal   = {CoRR},
  volume    = {abs/1605.03209},
  year      = {2016},
  url       = {http://arxiv.org/abs/1605.03209},
  archivePrefix = {arXiv},
  eprint    = {1605.03209},
  timestamp = {Wed, 07 Jun 2017 14:41:04 +0200},
  biburl    = {https://dblp.org/rec/bib/journals/corr/MiWI16},
  bibsource = {dblp computer science bibliography, https://dblp.org}
}

@article{DBLP:journals/corr/GulcehreANZB16,
  author    = {{\c{C}}aglar G{\"{u}}l{\c{c}}ehre and
               Sungjin Ahn and
               Ramesh Nallapati and
               Bowen Zhou and
               Yoshua Bengio},
  title     = {Pointing the Unknown Words},
  journal   = {CoRR},
  volume    = {abs/1603.08148},
  year      = {2016},
  url       = {http://arxiv.org/abs/1603.08148},
  archivePrefix = {arXiv},
  eprint    = {1603.08148},
  timestamp = {Wed, 07 Jun 2017 14:43:15 +0200},
  biburl    = {https://dblp.org/rec/bib/journals/corr/GulcehreANZB16},
  bibsource = {dblp computer science bibliography, https://dblp.org}
}
@article{DBLP:journals/corr/GuLLL16,
  author    = {Jiatao Gu and
               Zhengdong Lu and
               Hang Li and
               Victor O. K. Li},
  title     = {Incorporating Copying Mechanism in Sequence-to-Sequence Learning},
  journal   = {CoRR},
  volume    = {abs/1603.06393},
  year      = {2016},
  url       = {http://arxiv.org/abs/1603.06393},
  archivePrefix = {arXiv},
  eprint    = {1603.06393},
  timestamp = {Wed, 07 Jun 2017 14:41:18 +0200},
  biburl    = {https://dblp.org/rec/bib/journals/corr/GuLLL16},
  bibsource = {dblp computer science bibliography, https://dblp.org}
}
@article{DBLP:journals/corr/LuongSLVZ14,
  author    = {Thang Luong and
               Ilya Sutskever and
               Quoc V. Le and
               Oriol Vinyals and
               Wojciech Zaremba},
  title     = {Addressing the Rare Word Problem in Neural Machine Translation},
  journal   = {CoRR},
  volume    = {abs/1410.8206},
  year      = {2014},
  url       = {http://arxiv.org/abs/1410.8206},
  archivePrefix = {arXiv},
  eprint    = {1410.8206},
  timestamp = {Wed, 07 Jun 2017 14:40:04 +0200},
  biburl    = {https://dblp.org/rec/bib/journals/corr/LuongSLVZ14},
  bibsource = {dblp computer science bibliography, https://dblp.org}
}
@article{DBLP:journals/corr/ChungCB16,
  author    = {Junyoung Chung and
               Kyunghyun Cho and
               Yoshua Bengio},
  title     = {A Character-level Decoder without Explicit Segmentation for Neural
               Machine Translation},
  journal   = {CoRR},
  volume    = {abs/1603.06147},
  year      = {2016},
  url       = {http://arxiv.org/abs/1603.06147},
  archivePrefix = {arXiv},
  eprint    = {1603.06147},
  timestamp = {Wed, 07 Jun 2017 14:41:04 +0200},
  biburl    = {https://dblp.org/rec/bib/journals/corr/ChungCB16},
  bibsource = {dblp computer science bibliography, https://dblp.org}
}
@article{DBLP:journals/corr/LuongM16,
  author    = {Minh{-}Thang Luong and
               Christopher D. Manning},
  title     = {Achieving Open Vocabulary Neural Machine Translation with Hybrid Word-Character
               Models},
  journal   = {CoRR},
  volume    = {abs/1604.00788},
  year      = {2016},
  url       = {http://arxiv.org/abs/1604.00788},
  archivePrefix = {arXiv},
  eprint    = {1604.00788},
  timestamp = {Wed, 07 Jun 2017 14:43:03 +0200},
  biburl    = {https://dblp.org/rec/bib/journals/corr/LuongM16},
  bibsource = {dblp computer science bibliography, https://dblp.org}
}
@article{DBLP:journals/corr/SutskeverVL14,
  author    = {Ilya Sutskever and
               Oriol Vinyals and
               Quoc V. Le},
  title     = {Sequence to Sequence Learning with Neural Networks},
  journal   = {CoRR},
  volume    = {abs/1409.3215},
  year      = {2014},
  url       = {http://arxiv.org/abs/1409.3215},
  archivePrefix = {arXiv},
  eprint    = {1409.3215},
  timestamp = {Wed, 07 Jun 2017 14:40:10 +0200},
  biburl    = {https://dblp.org/rec/bib/journals/corr/SutskeverVL14},
  bibsource = {dblp computer science bibliography, https://dblp.org}
}
@article{DBLP:journals/corr/ChoMGBSB14,
  author    = {Kyunghyun Cho and
               Bart van Merrienboer and
               {\c{C}}aglar G{\"{u}}l{\c{c}}ehre and
               Fethi Bougares and
               Holger Schwenk and
               Yoshua Bengio},
  title     = {Learning Phrase Representations using {RNN} Encoder-Decoder for Statistical
               Machine Translation},
  journal   = {CoRR},
  volume    = {abs/1406.1078},
  year      = {2014},
  url       = {http://arxiv.org/abs/1406.1078},
  archivePrefix = {arXiv},
  eprint    = {1406.1078},
  timestamp = {Wed, 07 Jun 2017 14:43:08 +0200},
  biburl    = {https://dblp.org/rec/bib/journals/corr/ChoMGBSB14},
  bibsource = {dblp computer science bibliography, https://dblp.org}
}
@article{DBLP:journals/corr/LHostisGA16,
  author    = {Gurvan L'Hostis and
               David Grangier and
               Michael Auli},
  title     = {Vocabulary Selection Strategies for Neural Machine Translation},
  journal   = {CoRR},
  volume    = {abs/1610.00072},
  year      = {2016},
  url       = {http://arxiv.org/abs/1610.00072},
  archivePrefix = {arXiv},
  eprint    = {1610.00072},
  timestamp = {Wed, 07 Jun 2017 14:42:19 +0200},
  biburl    = {https://dblp.org/rec/bib/journals/corr/LHostisGA16},
  bibsource = {dblp computer science bibliography, https://dblp.org}
}
@InProceedings{sennrich-EtAl:2017:EACLDemo,
  author    = {Sennrich, Rico  and  Firat, Orhan  and  Cho, Kyunghyun  and  Birch, Alexandra  and  Haddow, Barry  and  Hitschler, Julian  and  Junczys-Dowmunt, Marcin  and  L\"{a}ubli, Samuel  and  Miceli Barone, Antonio Valerio  and  Mokry, Jozef  and  Nadejde, Maria},
  title     = {Nematus: a Toolkit for Neural Machine Translation},
  booktitle = {Proceedings of the Software Demonstrations of the 15th Conference of the European Chapter of the Association for Computational Linguistics},
  month     = {April},
  year      = {2017},
  address   = {Valencia, Spain},
  publisher = {Association for Computational Linguistics},
  pages     = {65--68},
  url       = {http://aclweb.org/anthology/E17-3017}
}
@article{DBLP:journals/corr/BritzGLL17,
  author    = {Denny Britz and
               Anna Goldie and
               Minh{-}Thang Luong and
               Quoc V. Le},
  title     = {Massive Exploration of Neural Machine Translation Architectures},
  journal   = {CoRR},
  volume    = {abs/1703.03906},
  year      = {2017},
  url       = {http://arxiv.org/abs/1703.03906},
  archivePrefix = {arXiv},
  eprint    = {1703.03906},
  timestamp = {Wed, 07 Jun 2017 14:41:30 +0200},
  biburl    = {https://dblp.org/rec/bib/journals/corr/BritzGLL17},
  bibsource = {dblp computer science bibliography, https://dblp.org}
}
@article{DBLP:journals/corr/ChorowskiBCB14,
  author    = {Jan Chorowski and
               Dzmitry Bahdanau and
               Kyunghyun Cho and
               Yoshua Bengio},
  title     = {End-to-end Continuous Speech Recognition using Attention-based Recurrent
               {NN:} First Results},
  journal   = {CoRR},
  volume    = {abs/1412.1602},
  year      = {2014},
  url       = {http://arxiv.org/abs/1412.1602},
  archivePrefix = {arXiv},
  eprint    = {1412.1602},
  timestamp = {Wed, 07 Jun 2017 14:42:28 +0200},
  biburl    = {https://dblp.org/rec/bib/journals/corr/ChorowskiBCB14},
  bibsource = {dblp computer science bibliography, https://dblp.org}
}
@inproceedings{Melamed:2003:PRM:1073483.1073504,
 author = {Melamed, I. Dan and Green, Ryan and Turian, Joseph P.},
 title = {Precision and Recall of Machine Translation},
 booktitle = {Proceedings of the 2003 Conference of the North American Chapter of the Association for Computational Linguistics on Human Language Technology: Companion Volume of the Proceedings of HLT-NAACL 2003--short Papers - Volume 2},
 series = {NAACL-Short '03},
 year = {2003},
 location = {Edmonton, Canada},
 pages = {61--63},
 numpages = {3},
 url = {https://doi.org/10.3115/1073483.1073504},
 doi = {10.3115/1073483.1073504},
 acmid = {1073504},
 publisher = {Association for Computational Linguistics},
 address = {Stroudsburg, PA, USA},
} 

@inproceedings{cettoloEtAl:EAMT2012,
        Address = {Trento, Italy},
        Author = {Mauro Cettolo and Christian Girardi and Marcello Federico},
        Booktitle = {Proceedings of the 16$^{th}$ Conference of the European Association for Machine Translation (EAMT)},
        Date = {28-30},
        Month = {May},
        Pages = {261--268},
        Title = {WIT$^3$: Web Inventory of Transcribed and Translated Talks},
        Year = {2012}}
        
@InProceedings{TIEDEMANN12.463,
  author = {Jörg Tiedemann},
  title = {Parallel Data, Tools and Interfaces in OPUS},
  booktitle = {Proceedings of the Eight International Conference on Language Resources and Evaluation (LREC'12)},
  year = {2012},
  month = {may},
  date = {23-25},
  address = {Istanbul, Turkey},
  editor = {Nicoletta Calzolari (Conference Chair) and Khalid Choukri and Thierry Declerck and Mehmet Ugur Dogan and Bente Maegaard and Joseph Mariani and Jan Odijk and Stelios Piperidis},
  publisher = {European Language Resources Association (ELRA)},
  isbn = {978-2-9517408-7-7},
  language = {english}
 }

@InProceedings{sennrich-EtAl:2017:WMT,
  author    = {Sennrich, Rico  and  Birch, Alexandra  and  Currey, Anna  and  Germann, Ulrich  and  Haddow, Barry  and  Heafield, Kenneth  and  Miceli Barone, Antonio Valerio  and  Williams, Philip},
  title     = {The University of Edinburgh's Neural MT Systems for WMT17},
  booktitle = {Proceedings of the Second Conference on Machine Translation, Volume 2: Shared Task Papers},
  month     = {September},
  year      = {2017},
  address   = {Copenhagen, Denmark},
  publisher = {Association for Computational Linguistics},
  pages     = {389--399},
  url       = {http://www.aclweb.org/anthology/W17-4739}
}


@article{DBLP:journals/corr/BaroneHSHB17,
  author    = {Antonio Valerio Miceli Barone and
               Jindrich Helcl and
               Rico Sennrich and
               Barry Haddow and
               Alexandra Birch},
  title     = {Deep Architectures for Neural Machine Translation},
  journal   = {CoRR},
  volume    = {abs/1707.07631},
  year      = {2017},
  url       = {http://arxiv.org/abs/1707.07631},
  archivePrefix = {arXiv},
  eprint    = {1707.07631},
  timestamp = {Sat, 05 Aug 2017 14:56:17 +0200},
  biburl    = {https://dblp.org/rec/bib/journals/corr/BaroneHSHB17},
  bibsource = {dblp computer science bibliography, https://dblp.org}
}
@article{DBLP:journals/corr/ChoMBB14,
  author    = {KyungHyun Cho and
               Bart van Merrienboer and
               Dzmitry Bahdanau and
               Yoshua Bengio},
  title     = {On the Properties of Neural Machine Translation: Encoder-Decoder Approaches},
  journal   = {CoRR},
  volume    = {abs/1409.1259},
  year      = {2014},
  url       = {http://arxiv.org/abs/1409.1259},
  archivePrefix = {arXiv},
  eprint    = {1409.1259},
  timestamp = {Wed, 07 Jun 2017 14:42:33 +0200},
  biburl    = {https://dblp.org/rec/bib/journals/corr/ChoMBB14},
  bibsource = {dblp computer science bibliography, https://dblp.org}
}
@article{hochreiter1997long,
  title={Long short-term memory},
  author={Hochreiter, Sepp and Schmidhuber, J{\"u}rgen},
  journal={Neural computation},
  volume={9},
  number={8},
  pages={1735--1780},
  year={1997},
  publisher={MIT Press}
}
@article{DBLP:journals/corr/abs-1202-2745,
  author    = {Dan C. Ciresan and
               Ueli Meier and
               J{\"{u}}rgen Schmidhuber},
  title     = {Multi-column Deep Neural Networks for Image Classification},
  journal   = {CoRR},
  volume    = {abs/1202.2745},
  year      = {2012},
  url       = {http://arxiv.org/abs/1202.2745},
  archivePrefix = {arXiv},
  eprint    = {1202.2745},
  timestamp = {Wed, 07 Jun 2017 14:41:03 +0200},
  biburl    = {https://dblp.org/rec/bib/journals/corr/abs-1202-2745},
  bibsource = {dblp computer science bibliography, https://dblp.org}
}
@article{Campbell:2002:DB:512148.512152,
 author = {Campbell, Murray and Hoane,Jr., A. Joseph and Hsu, Feng-hsiung},
 title = {Deep Blue},
 journal = {Artif. Intell.},
 issue_date = {January 2002},
 volume = {134},
 number = {1-2},
 month = jan,
 year = {2002},
 issn = {0004-3702},
 pages = {57--83},
 numpages = {27},
 url = {http://dx.doi.org/10.1016/S0004-3702(01)00129-1},
 doi = {10.1016/S0004-3702(01)00129-1},
 acmid = {512152},
 publisher = {Elsevier Science Publishers Ltd.},
 address = {Essex, UK},
 keywords = {computer chess, evaluation function, game tree search, parallel search, search extensions, selective search},
} 
@article{DBLP:journals/corr/ChungGCB14,
  author    = {Junyoung Chung and
               {\c{C}}aglar G{\"{u}}l{\c{c}}ehre and
               KyungHyun Cho and
               Yoshua Bengio},
  title     = {Empirical Evaluation of Gated Recurrent Neural Networks on Sequence
               Modeling},
  journal   = {CoRR},
  volume    = {abs/1412.3555},
  year      = {2014},
  url       = {http://arxiv.org/abs/1412.3555},
  archivePrefix = {arXiv},
  eprint    = {1412.3555},
  timestamp = {Wed, 07 Jun 2017 14:40:04 +0200},
  biburl    = {https://dblp.org/rec/bib/journals/corr/ChungGCB14},
  bibsource = {dblp computer science bibliography, https://dblp.org}
}
@article{DBLP:journals/corr/abs-1710-04087,
  author    = {Alexis Conneau and
               Guillaume Lample and
               Marc'Aurelio Ranzato and
               Ludovic Denoyer and
               Herv{\'{e}} J{\'{e}}gou},
  title     = {Word Translation Without Parallel Data},
  journal   = {CoRR},
  volume    = {abs/1710.04087},
  year      = {2017},
  url       = {http://arxiv.org/abs/1710.04087},
  archivePrefix = {arXiv},
  eprint    = {1710.04087},
  timestamp = {Wed, 01 Nov 2017 19:05:43 +0100},
  biburl    = {https://dblp.org/rec/bib/journals/corr/abs-1710-04087},
  bibsource = {dblp computer science bibliography, https://dblp.org}
}
@article{DBLP:journals/corr/MikolovSCCD13,
  author    = {Tomas Mikolov and
               Ilya Sutskever and
               Kai Chen and
               Greg Corrado and
               Jeffrey Dean},
  title     = {Distributed Representations of Words and Phrases and their Compositionality},
  journal   = {CoRR},
  volume    = {abs/1310.4546},
  year      = {2013},
  url       = {http://arxiv.org/abs/1310.4546},
  archivePrefix = {arXiv},
  eprint    = {1310.4546},
  timestamp = {Wed, 07 Jun 2017 14:40:03 +0200},
  biburl    = {https://dblp.org/rec/bib/journals/corr/MikolovSCCD13},
  bibsource = {dblp computer science bibliography, https://dblp.org}
}
@article{DBLP:journals/corr/abs-1301-3781,
  author    = {Tomas Mikolov and
               Kai Chen and
               Greg Corrado and
               Jeffrey Dean},
  title     = {Efficient Estimation of Word Representations in Vector Space},
  journal   = {CoRR},
  volume    = {abs/1301.3781},
  year      = {2013},
  url       = {http://arxiv.org/abs/1301.3781},
  archivePrefix = {arXiv},
  eprint    = {1301.3781},
  timestamp = {Wed, 07 Jun 2017 14:42:25 +0200},
  biburl    = {https://dblp.org/rec/bib/journals/corr/abs-1301-3781},
  bibsource = {dblp computer science bibliography, https://dblp.org}
}
@article{bojar2017d1,
  title={D1. 1: Report on Building Translation Systems for Public Health Domain},
  author={Bojar, Ondrej and Haddow, Barry and Marecek, David and Sudarikov, Roman and Tamchyna, Ale{\v{s}} and Vari{\v{s}}, Du{\v{s}}an},
  year={2017}
}
